
% for technical report
@article{ndn,
	Author = {Zhang, Lixia and Estrin, Deborah and Burke, Jeffrey and Jacobson, Van and Thornton, James D and Smetters, Diana K and Zhang, Beichuan and Tsudik, Gene and Massey, Dan and Papadopoulos, Christos and others},
	Journal = {Relat{\'o}rio T{\'e}cnico NDN-0001, Xerox Palo Alto Research Center-PARC},
	Title = {Named data networking (ndn) project},
	Year = {2010}}
        
@techreport{nfd-guide,
  title={{NFD Developer's Guide}},
  author={Afanasyev, Alexander and Shi, Junxiao and Zhang, Beichuan and Zhang, Lixia and Moiseenko, Ilya and Yu, Yingdi and Shang, Wentao and Huang, Yi and Abraham, Jerald Paul and DiBenedetto, Steve and others},
  year={2014},
  institution={Technical Report NDN-0021, NDN}
}

@incollection{greedy,
  title={Greedy Forwarding in Dynamic Scale-Free Networks Embedded in Hyperbolic Metric Spaces},
  author={Papadopoulos, Fragkiskos and Krioukov, Dmitri and Bogua, Marian and Vahdat, Amin},
  booktitle={2010 Proceedings IEEE INFOCOM}
}

@inproceedings{nlsr,
  title={NLSR: named-data link state routing protocol},
  author={Hoque, AKM and Amin, Syed Obaid and Alyyan, Adam and Zhang, Beichuan and Zhang, Lixia and Wang, Lan},
  booktitle={Proceedings of the 3rd ACM SIGCOMM workshop on Information-centric networking},
  pages={15--20},
  year={2013},
  organization={ACM}
}

@inproceedings{ndn-routing,
  title={On the role of routing in Named Data Networking},
  author={Yi, Cheng and Abraham, Jerald and Afanasyev, Alexander and Wang, Lan and Zhang, Beichuan and Zhang, Lixia},
  booktitle={Proceedings of the 1st international conference on Information-centric networking},
  pages={27--36},
  year={2014},
  organization={ACM}
}

@article{trust-schema,
  title={Schematizing and Automating Trust in Named Data Networking},
  author={Yu, Yingdi and Afanasyev, Alexander and Clark, David and Jacobson, Van and Zhang, Lixia}
}

@misc{command-interest,
  title = {{Command Interests}},
  howpublished = {\url{http://redmine.named-data.net/projects/nfd/wiki/Command_Interests}},
}

@misc{ndn-autoconfig,
  title = {ndn-autoconfig},
  howpublished = {\url{http://named-data.net/doc/NFD/current/manpages/ndn-autoconfig.html}},
}

@misc{NRD,
  title = {{NRD (NFD RIB Daemon)}},
  howpublished = {\url{http://named-data.net/doc/NFD/current/manpages/nrd.html}},
}

@misc{RibMgmt,
  title = {{RIB Management}},
  howpublished = {\url{http://redmine.named-data.net/projects/nfd/wiki/RibMgmt}},
}

@misc{ControlCommand,
  title = {{Control Command}},
  howpublished = {\url{http://redmine.named-data.net/projects/nfd/wiki/ControlCommand}},
}

@misc{NDN-PIB,
  title = {{Public key Info Base (PIB) Service}},
  howpublished = {\url{http://redmine.named-data.net/projects/ndn-cxx/wiki/PublicKey_Info_Base}},
}

@misc{NDNS,
  title = {ndns},
  howpublished = {\url{https://github.com/named-data/ndns}},
}

@misc{NDN-REPO,
  title = {Repo protocol and repo-ng},
  howpublished = {\url{http://redmine.named-data.net/projects/repo-ng/wiki}},
}

@misc{NFD-ConfigFile,
  title = {Config file format},
  howpublished = {\url{http://redmine.named-data.net/projects/nfd/wiki/ConfigFileFormat}},
}

@inproceedings{NDN-CoNext,
	Author = {Jacobson, Van and Smetters, Diana K and Thornton, James D and Plass, Michael F and Briggs, Nicholas H and Braynard, Rebecca L},
	Booktitle = {Proceedings of the 5th international conference on Emerging networking experiments and technologies},
	Organization = {ACM},
	Pages = {1--12},
	Title = {Networking named content},
	Year = {2009}}

@inproceedings{NDN-Forwarding,
	Author = {Yuan, Haowei and Song, Tian and Crowley, Patrick},
	Booktitle = {Computer Communications and Networks (ICCCN), 2012 21st International Conference on},
	Organization = {IEEE},
	Pages = {1--9},
	Title = {Scalable NDN forwarding: Concepts, issues and principles},
	Year = {2012}}

@article{NDN-AF,
	Author = {Yi, Cheng and Afanasyev, Alexander and Wang, Lan and Zhang, Beichuan and Zhang, Lixia},
	Journal = {ACM SIGCOMM Computer Communication Review},
	Number = {3},
	Pages = {62--67},
	Publisher = {ACM},
	Title = {Adaptive forwarding in named data networking},
	Volume = {42},
	Year = {2012}}

@inproceedings{NDN-CRC,
	Author = {Zhou, Zhou and Song, Tian and Jia, Yunde},
	Booktitle = {Communications (ICC), 2010 IEEE International Conference on},
	Organization = {IEEE},
	Pages = {1--5},
	Title = {A high-performance url lookup engine for url filtering systems},
	Year = {2010}}

@inproceedings{NDN-Dos,
	Author = {So, Won and Narayanan, Ashok and Oran, David},
	Booktitle = {Proceedings of the ninth ACM/IEEE symposium on Architectures for networking and communications systems},
	Organization = {IEEE Press},
	Pages = {215--226},
	Title = {Named data networking on a router: fast and dos-resistant forwarding with hash tables},
	Year = {2013}}

        
@techreport{NDN-CERT,
  title={NDN Certificate Management Protocol (NDNCERT)},
  author={Zhang, Zhiyi and Yu, Yindi and Afanasyev, Alex and Zhang, Lixia},
  year={2017},
  institution={Technical Report NDN-0050, NDN}
}

@inproceedings{fib-aggregation,
  title={SMALTA: practical and near-optimal FIB aggregation},
  author={Uzmi, Zartash Afzal and Nebel, Markus and Tariq, Ahsan and Jawad, Sana and Chen, Ruichuan and Shaikh, Aman and Wang, Jia and Francis, Paul},
  booktitle={Proceedings of the Seventh COnference on emerging Networking EXperiments and Technologies},
  pages={29},
  year={2011},
  organization={ACM}
}

@inproceedings{luo2014fast,
  title={Fast incremental flow table aggregation in SDN},
  author={Luo, Shouxi and Yu, Hongfang and others},
  booktitle={Computer Communication and Networks (ICCCN), 2014 23rd International Conference on},
  pages={1--8},
  year={2014},
  organization={IEEE}
}

@inproceedings{shi2017broadcast,
  title={On broadcast-based self-learning in named data networking},
  author={Shi, Junxiao and Newberry, Eric and Zhang, Beichuan},
  booktitle={IFIP Networking},
  year={2017}
}

@inproceedings{liang2018ndnizing,
  title={Ndnizing existing applications: Research issues and experiences},
  author={Liang, Teng and Pan, Ju and Zhang, Beichuan},
  booktitle={Proceedings of the 5th ACM Conference on Information-Centric Networking},
  pages={172--183},
  year={2018}
}

@online{smartthings,
	author = {{SmartThings Inc}},
	title = {SmartThings},
	year = 2020,
	url = {https://www.smartthings.com/},
	urldate = {2020-01-20}
}

@online{homekit,
	author = {{Apple Inc}},
	title = {HomeKit},
	year = 2020,
	url = {https://www.apple.com/ios/home/},
	urldate = {2020-01-20}
}

@online{googlenest,
	author = {{Google Inc}},
	title={Google Cloud IoT},
	year = 2020,
	url = {https://nest.com/},
	urldate = {2020-01-20}
}

@online{awsiot,
	author = {{Amazon Inc}},
	title={AWS IoT - Connected Home},
	year = 2020,
	url = {https://aws.amazon.com/iot/solutions/connected-home/},
	urldate = {2020-01-20}
}

@online{microsoftiot,
	author = {{Microsoft Inc}},
	title={Azure IoT},
	year = 2020,
	url = {https://azure.microsoft.com/en-us/overview/iot/},
	urldate = {2020-01-20}
}


@online{alibabaiot,
	author = {{Alibaba Inc}},
	title={Alibaba Cloud: Internet of Things},
	year = 2020,
	url = {https://www.alibabacloud.com/solutions/IoT},
	urldate = {2020-01-20}
}
